@article{khalil_payeur,
  title={Dexterous Robotic Manipulation of Deformable Objects with Multi-Sensory Feedback-a Review},
  author={F. F. Khalil and P. Payeur},
  journal={Robot Manipulators, Trends and Development, In-Teh (Eds)},
  year={2010},
  pages={587 - 621}
}

@inproceedings{sahari_etal,
  title={Dynamic modeling of string for robotics application},
  author={K. S. M. Sahari and C. H. Min and Y. C. Hou},
  booktitle={Soft Computing and Intelligent Systems (SCIS) and 13th International Symposium on Advanced Intelligent Systems (ISIS)},
  pages={774-779},
  year={2012},
  organization={IEEE}
}

@article{wakamatsu_etal,
  title={Dynamic modeling of linear object deformation based on differential geometry coordinates},
  author={H. Wakamatsu and K. Takahashiand S. Hirai},
  journal={International Conference on Robotics and Automation},
  pages={1028-1033},
  year={2005},
  organization={IEEE}
}

@book{murray_li_sastry,
  title={A mathematical introduction to robotic manipulation},
  author={R. M. Murray and Z. Li and S. S. Sastry},
  year={1994},
  publisher={CRC press}
}

@article{johnson_murphey_scalable,
  title={Scalable variational integrators for constrained mechanical systems in generalized coordinates},
  author={E. R. Johnson and T. D. Murphey},
  journal={IEEE Transactions on Robotics},
  volume={25},
  number={6},
  pages={1249-1261},
  year={2009},
  publisher={IEEE}
}

@article{johnson_murphey_linearization,
  title={Linearizations for mechanical systems in generalized coordinates},
  author={E. R. Johnson and T. D. Murphey},
  journal={American Control Conference},
  pages={629-633},
  year={2010},
  publisher={IEEE}
}

@article{miller_murphey,
  title={Simultaneous Optimal Estimation of Mode Transition Times and Parameters Applied to Simple Traction Models},
  author={L. M. Johnson and T. D. Murphey},
  journal={IEEE Transactions on Robotics},
  volume={29},
  number={6},
  pages={1496-1503},
  year={2013},
  publisher={IEEE}
}

@Article{armijo,
  author =       {L. Armijo},
  title =        {Minimization of Functions having Lipschitz Continuous
                  First-Partial Derivatives},
  journal =      {Pacific Journal of Mathematics},
  year =         {1966},
  volume =    {16},
  pages =     {1-3}
}

@Book{kelley,
  author =       {C. T. Kelley},
  title =        {Iterative Methods for Optimization},
  publisher =    {Society for Industrial and Applied Mathematics},
  year =         {1999}
}

@article{marsden_west,
  title={Discrete mechanics and variational integrators},
  author={J. E. Marsden and M. West},
  journal={Acta Numerica},
  volume={10},
  number={1},
  pages={357-514},
  year={2001},
  publisher={Cambridge Univ Press}
}

@incollection{houska_etal,
  title={A Tutorial on Numerical Methods for State and Parameter Estimation in Nonlinear Dynamic Systems},
  author={B. Houska and F. Logist and M. Diehl and J. Van Impe},
  booktitle={Identification for Automotive Systems},
  pages={67--88},
  year={2012},
  publisher={Springer}
}

@article{guizzo2011rethink,
  title={How Rethink Robotics Built Its New Baxter Robot Worker},
  author={Guizzo, Erico and Ackerman, Evan},
  journal={IEEE Spectrum},
  year={2011}
}